@article{article,
author = {Blum, Christian and Zuber, Christina},
year = {2015},
month = {08},
pages = {},
title = {Liquid Democracy: Potentials, Problems, and Perspectives},
volume = {24},
journal = {Journal of Political Philosophy},
doi = {10.1111/jopp.12065}
}